<?xml version='1.0' encoding='utf-8'?>
<record xmlns="http://www.loc.gov/MARC21/slim" xmlns:xsi="http://www.w3.org/2001/XMLSchema-instance">
  <leader>00000nkmaa22^^^^^^a^4500</leader>
  <controlfield tag="001">004928508</controlfield>
  <controlfield tag="005">20121024094341.0</controlfield>
  <controlfield tag="008">050117s1881^^^^miunnn^^^^^^^^^^^^kneng^d</controlfield>
  <datafield tag="035" ind1=" " ind2=" ">
    <subfield code="a">(OCoLC)ocm85778550</subfield>
  </datafield>
  <datafield tag="040" ind1=" " ind2=" ">
    <subfield code="a">MiU-H</subfield>
    <subfield code="c">MiU-H</subfield>
    <subfield code="e">gihc</subfield>
  </datafield>
  <datafield tag="245" ind1="0" ind2="0">
    <subfield code="a">Erstes versammlungs Haus der deutschen in Michigan</subfield>
    <subfield code="h">[graphic] :</subfield>
    <subfield code="b">1 1/2 Meilen westlich van Ann Arbor : errichtet im Jahr 1833 : photographirt im Jahr 1881.</subfield>
  </datafield>
  <datafield tag="260" ind1=" " ind2=" ">
    <subfield code="a">[S.l. :</subfield>
    <subfield code="b">s.n.],</subfield>
    <subfield code="c">1881.</subfield>
  </datafield>
  <datafield tag="300" ind1=" " ind2=" ">
    <subfield code="a">1 photoprint :</subfield>
    <subfield code="b">b &amp; w ;</subfield>
    <subfield code="c">18 x 25 cm.</subfield>
  </datafield>
  <datafield tag="520" ind1="2" ind2=" ">
    <subfield code="a">Photo of meetinghouse of the First German Evangelical Society of Scio, Mich., predecessor of Bethlehem United Church of Christ, Ann Arbor, Mich. The church, founded in 1833, was also known as Zion Church. The building pictured was not used after about 1850. Standing, left to right: Mrs. Sophie Hutzel, Rev. John Neumann, Emanuel Mann, David Allmendinger. Seated, left to right: John Jacob Schaffer, Pauline Allmendinger, Mrs. David Allmendinger, Mrs. David Allmendinger, Sr., Herman [Allmendinger? grandson], Caroline Shaffer, Mrs. William Guenther and daughter Lydia.</subfield>
  </datafield>
  <datafield tag="500" ind1=" " ind2=" ">
    <subfield code="a">Donor: 5731, 9544</subfield>
  </datafield>
  <datafield tag="650" ind1=" " ind2="0">
    <subfield code="a">German Americans</subfield>
    <subfield code="z">Michigan</subfield>
    <subfield code="z">Washtenaw County.</subfield>
  </datafield>
  <datafield tag="650" ind1=" " ind2="7">
    <subfield code="a">Churches</subfield>
    <subfield code="z">Michigan</subfield>
    <subfield code="z">Scio (Township)</subfield>
    <subfield code="2">lctgm</subfield>
  </datafield>
  <datafield tag="610" ind1="2" ind2="0">
    <subfield code="a">First German Evangelical Society of Scio (Scio, Mich.)</subfield>
  </datafield>
  <datafield tag="655" ind1=" " ind2="7">
    <subfield code="a">Photographs.</subfield>
    <subfield code="2">aat</subfield>
  </datafield>
  <datafield tag="852" ind1="8" ind2=" ">
    <subfield code="a">MiU-H</subfield>
    <subfield code="b">BENT</subfield>
    <subfield code="h">0508 Ba 1</subfield>
  </datafield>
  <datafield tag="997" ind1=" " ind2=" ">
    <subfield code="a">MARS</subfield>
  </datafield>
  <datafield tag="998" ind1=" " ind2=" ">
    <subfield code="c">LAC</subfield>
  </datafield>
  <datafield tag="955" ind1=" " ind2=" ">
    <subfield code="b">BENT</subfield>
    <subfield code="p">B2220273</subfield>
  </datafield>
</record>
